@misc{ranocha2023multiderivativeRepro,
  title={Reproducibility repository for
         "{M}ultiderivative time integration methods preserving nonlinear
         functionals via relaxation"},
  author={Ranocha, Hendrik and Sch{\"u}tz, Jochen},
  year={2023},
  howpublished={\url{2023_multiderivative_relaxation}},
  doi={10.5281/zenodo.10057727}
}



%%%%%%%%%%%%%%%%%%%%%%%%%%%%%%%%%%%%%%%%%%%%%%%%%%%%%%%%%%%%%%%%%%%%%%%%%%%%%%%
% Relaxation methods

@article{sanzserna1982explicit,
  title={An explicit finite-difference scheme with exact conservation
         properties},
  author={Sanz-Serna, Jesus Maria},
  journal={Journal of Computational Physics},
  volume={47},
  number={2},
  pages={199--210},
  year={1982},
  publisher={Elsevier},
  doi={10.1016/0021-9991(82)90074-2}
}

@article{calvo2006preservation,
  title={On the Preservation of Invariants by Explicit {R}unge-{K}utta
         Methods},
  author={Calvo, Manuel and Hern{\'a}ndez-Abreu, D and Montijano, Juan I
          and R{\'a}ndez, Luis},
  journal={SIAM Journal on Scientific Computing},
  volume={28},
  number={3},
  pages={868--885},
  year={2006},
  publisher={SIAM},
  doi={10.1137/04061979X}
}

@article{calvo2010projection,
  title={Projection methods preserving {L}yapunov functions},
  author={Calvo, Manuel and Laburta, MP and Montijano, Juan I and
          R{\'a}ndez, Luis},
  journal={BIT Numerical Mathematics},
  volume={50},
  number={2},
  pages={223--241},
  year={2010},
  publisher={Springer},
  doi={10.1007/s10543-010-0259-3}
}

@article{ketcheson2019relaxation,
  title={Relaxation {R}unge-{K}utta Methods: Conservation and
         Stability for Inner-Product Norms},
  author={Ketcheson, David I},
  journal={SIAM Journal on Numerical Analysis},
  volume={57},
  number={6},
  pages={2850--2870},
  year={2019},
  publisher={Society for Industrial and Applied Mathematics},
  doi={10.1137/19M1263662},
  eprint={1905.09847},
  eprinttype={arxiv},
  eprintclass={math.NA}
}

@article{ranocha2020relaxation,
  title={Relaxation {R}unge-{K}utta Methods: Fully-Discrete Explicit
         Entropy-Stable Schemes for the Compressible {E}uler and
         {N}avier-{S}tokes Equations},
  author={Ranocha, Hendrik and Sayyari, Mohammed and Dalcin, Lisandro and
          Parsani, Matteo and Ketcheson, David I.},
  journal={SIAM Journal on Scientific Computing},
  volume={42},
  number={2},
  pages={A612--A638},
  year={2020},
  month={03},
  publisher={Society for Industrial and Applied Mathematics},
  doi={10.1137/19M1263480},
  eprint={1905.09129},
  eprinttype={arxiv},
  eprintclass={math.NA}
}

@article{ranocha2020relaxationHamiltonian,
  title={Relaxation {R}unge-{K}utta Methods for {H}amiltonian Problems},
  author={Ranocha, Hendrik and Ketcheson, David I},
  journal={Journal of Scientific Computing},
  volume={84},
  number={1},
  year={2020},
  month={07},
  publisher={Springer Nature},
  doi={10.1007/s10915-020-01277-y},
  eprint={2001.04826},
  eprinttype={arxiv},
  eprintclass={math.NA}
}

@article{ranocha2020fully,
  title={Fully-Discrete Explicit Locally Entropy-Stable Schemes for the
         Compressible {E}uler and {N}avier-{S}tokes Equations},
  author={Ranocha, Hendrik and Dalcin, Lisandro and Parsani, Matteo},
  journal={Computers and Mathematics with Applications},
  volume={80},
  number={5},
  pages={1343--1359},
  year={2020},
  month={07},
  publisher={Elsevier},
  doi={10.1016/j.camwa.2020.06.016},
  eprint={2003.08831},
  eprinttype={arxiv},
  eprintclass={math.NA}
}

@article{ranocha2020general,
  title={General Relaxation Methods for Initial-Value Problems
         with Application to Multistep Schemes},
  author={Ranocha, Hendrik and L{\'o}czi, Lajos and Ketcheson, David I},
  journal={Numerische Mathematik},
  year={2020},
  month={10},
  volume={146},
  pages={875--906},
  publisher={Springer Nature},
  doi={10.1007/s00211-020-01158-4},
  eprint={2003.03012},
  eprinttype={arxiv},
  eprintclass={math.NA}
}

@article{zhang2020highly,
  title={Highly efficient invariant-conserving explicit {R}unge-{K}utta
         schemes for nonlinear Hamiltonian differential equations},
  author={Zhang, Hong and Qian, Xu and Yan, Jingye and Song, Songhe},
  journal={Journal of Computational Physics},
  pages={109598},
  year={2020},
  publisher={Elsevier},
  doi={10.1016/j.jcp.2020.109598}
}

@article{abgrall2022relaxation,
  title={Relaxation Deferred Correction Methods and their Applications to
         Residual Distribution Schemes},
  author={Abgrall, R{\'e}mi and M{\'e}l{\'e}do, Elise Le and {\"O}ffner, Philipp
          and Torlo, Davide},
  journal={The SMAI Journal of Computational Mathematics},
  volume={8},
  pages={125--160},
  year={2022},
  doi={10.5802/smai-jcm.82},
  eprint={2106.05005},
  eprinttype={arxiv},
  eprintclass={math.NA}
}

@article{leibner2021new,
  title={A new entropy-variable-based discretization method for minimum entropy
         moment approximations of linear kinetic equations},
  author={Leibner, Tobias and Ohlberger, Mario},
  journal={ESAIM: Mathematical Modelling and Numerical Analysis},
  volume={55},
  number={6},
  pages={2567--2608},
  year={2021},
  publisher={EDP Sciences},
  doi={10.1051/m2an/2021065}
}


@article {KastlungerWanner1972,
    AUTHOR = {Kastlunger, K. and Wanner, G.},
     TITLE = {On {T}uran type implicit {R}unge-{K}utta methods},
   JOURNAL = {Computing},
    VOLUME = {9},
      YEAR = {1972},
     PAGES = {317--325},
     doi={10.1007/BF02241605}
}

@inproceedings{yan2020entropy,
  title={Entropy-stable {G}alerkin difference discretization on unstructured
         grids},
  author={Yan, Ge and Kaur, Sharanjeet and Hicken, Jason E and Banks, Jeffrey W},
  booktitle={AIAA AVIATION 2020 FORUM},
  pages={3033},
  year={2020},
  doi={10.2514/6.2020-3033}
}

@article{waruszewski2022entropy,
  title={Entropy stable discontinuous {G}alerkin methods for balance laws in
         non-conservative form: Applications to the {E}uler equations with
         gravity},
  author={Waruszewski, Maciej and Kozdon, Jeremy E and Wilcox, Lucas C and
          Gibson, Thomas H and Giraldo, Francis X},
  journal={Journal of Computational Physics},
  volume={468},
  pages={111507},
  year={2022},
  publisher={Elsevier},
  doi={10.1016/j.jcp.2022.111507},
  eprint={2110.15920},
  eprinttype={arxiv},
  eprintclass={math.NA}
}

@online{pagliantini2021energy,
  title={Energy-conserving explicit and implicit time integration methods for
         the multi-dimensional {H}ermite-{DG} discretization of the
         {V}lasov-{M}axwell equations},
  author={Pagliantini, Cecilia and Manzini, Ginmarco and Koshkarov, Oleksandr
          and Delzanno, Gian Luca and Roytershteyn, Vadim},
  year={2021},
  eprint={2110.11511},
  eprinttype={arxiv},
  eprintclass={math.NA}
}

@article{gaburro2023high,
  title={High order entropy preserving {ADER-DG} scheme},
  author={Gaburro, Elena and {\"O}ffner, Philipp and Ricchiuto, Mario and
          Torlo, Davide},
  journal={Applied Mathematics and Computation},
  volume={440},
  number={127644},
  year={2023},
  publisher={Elsevier},
  doi={10.1016/j.amc.2022.127644},
  eprint={2206.03889},
  eprinttype={arxiv},
  eprintclass={math.NA}
}

@article{li2022implicit,
  title={Implicit-explicit relaxation {R}unge-{K}utta methods: construction,
         analysis and applications to {PDE}s},
  author={Li, Dongfang and Li, Xiaoxi and Zhang, Zhimin},
  journal={Mathematics of Computation},
  year={2022},
  publisher={American Mathematical Society},
  doi={10.1090/mcom/3766}
}

@article{kang2022entropy,
  title={Entropy-Preserving and Entropy-Stable Relaxation {IMEX} and Multirate
         Time-Stepping Methods},
  author={Kang, Shinhoo and Constantinescu, Emil M},
  journal={Journal of Scientific Computing},
  volume={93},
  pages={23},
  year={2022},
  doi={10.1007/s10915-022-01982-w},
  eprint={2108.08908},
  eprinttype={arxiv},
  eprintclass={math.NA}
}

@article{li2023linearly,
  title={Linearly implicit and high-order energy-preserving relaxation
         schemes for highly oscillatory {H}amiltonian systems},
  author={Li, Dongfang and Li, Xiaoxi and Zhang, Zhimin},
  journal={Journal of Computational Physics},
  number={111925},
  year={2023},
  publisher={Elsevier},
  doi={10.1016/j.jcp.2023.111925}
}

@article{biswas2023multiple,
  title={Multiple relaxation {R}unge-{K}utta methods for conservative
         dynamical systems},
  journal={Journal of Scientific Computing},
  author={Biswas, Abhijit and Ketcheson, David I},
  year={2023},
  volume={97},
  number={4},
  doi={10.1007/s10915-023-02312-4}
}

@online{biswas2023accurate,
  title={Accurate Solution of the Nonlinear {S}chr\"{o}dinger Equation
         via Conservative Multiple-Relaxation {ImEx} Methods},
  author={Biswas, Abhijit and Ketcheson, David I},
  year={2023},
  eprint={2309.02324},
  eprinttype={arxiv},
  eprintclass={math.NA}
}

@article{ranocha2023functional,
  title={Functional-preserving predictor-corrector multiderivative schemes},
  author={Ranocha, Hendrik and Sch{\"u}tz, Jochen and Theodosiou, Eleni},
  journal={Proceedings in Applied Mathematics and Mechanics},
  year={2023},
  month={09},
  doi={10.1002/pamm.202300025},
  eprint={2308.04876},
  eprinttype={arxiv},
  eprintclass={math.NA}
}

@article{linders2023resolving,
  title={Resolving Entropy Growth from Iterative Methods},
  author={Linders, Viktor and Ranocha, Hendrik and Birken, Philipp},
  journal={BIT Numerical Mathematics},
  year={2023},
  month={09},
  doi={10.1007/s10543-023-00992-w},
  eprint={2302.13579},
  eprinttype={arxiv},
  eprintclass={math.NA}
}



%%%%%%%%%%%%%%%%%%%%%%%%%%%%%%%%%%%%%%%%%%%%%%%%%%%%%%%%%%%%%%%%%%%%%%%%%%%%%%%
% Multiderivative methods

@article{chan2010explicit,
  title={On explicit two-derivative {R}unge-{K}utta methods},
  author={Chan, Robert PK and Tsai, Angela YJ},
  journal={Numerical Algorithms},
  volume={53},
  pages={171--194},
  year={2010},
  publisher={Springer},
  doi={10.1007/s11075-009-9349-1}
}

@article{jaust2016implicit,
  title={Implicit multistage two-derivative discontinuous {G}alerkin
         schemes for viscous conservation laws},
  author={Jaust, Alexander and Sch{\"u}tz, Jochen and Seal, David C},
  journal={Journal of Scientific Computing},
  volume={69},
  pages={866--891},
  year={2016},
  publisher={Springer},
  doi={10.1007/s10915-016-0221-x}
}

@article{schutz2017implicit,
  title={Implicit multiderivative collocation solvers for linear partial
         differential equations with discontinuous {G}alerkin spatial
         discretizations},
  author={Sch{\"u}tz, Jochen and Seal, David C and Jaust, Alexander},
  journal={Journal of Scientific Computing},
  volume={73},
  pages={1145--1163},
  year={2017},
  publisher={Springer},
  doi={10.1007/s10915-017-0485-9}
}

@article{abdi2020implementation,
  title={Implementation of second derivative general linear methods},
  author={Abdi, Ali and Conte, Dajana},
  journal={Calcolo},
  volume={57},
  number={20},
  year={2020},
  publisher={Springer},
  doi={10.1007/s10092-020-00370-w}
}

@article{ZEIFANG2023128198,
title = {Time parallelism and {N}ewton-adaptivity of the two-derivative deferred correction discontinuous {Galerkin} method},
journal = {Applied Mathematics and Computation},
volume = {457},
number = {128198},
year = {2023},
issn = {0096-3003},
author = {Jonas Zeifang and Arjun {Thenery Manikantan} and Jochen Sch\"utz},
doi={10.1016/j.amc.2023.128198}
}

@article{schutz2021asymptotic,
  title={An asymptotic preserving semi-implicit multiderivative solver},
  author={Sch{\"u}tz, Jochen and Seal, David C},
  journal={Applied Numerical Mathematics},
  volume={160},
  pages={84--101},
  year={2021},
  publisher={Elsevier},
  doi={10.1016/j.apnum.2020.09.004}
}

@article{schutz2022parallel,
  title={Parallel-in-time high-order multiderivative {IMEX} solvers},
  author={Sch{\"u}tz, Jochen and Seal, David C and Zeifang, Jonas},
  journal={Journal of Scientific Computing},
  volume={90},
  number={1},
  pages={54},
  year={2022},
  publisher={Springer},
  doi={10.1007/s10915-021-01733-3}
}

@article{zeifang2022stability,
  title={Stability of implicit multiderivative deferred correction methods},
  author={Zeifang, Jonas and Sch{\"u}tz, Jochen and Seal, David C},
  journal={BIT Numerical Mathematics},
  pages={1--17},
  year={2022},
  publisher={Springer},
  doi={10.1007/s10543-022-00919-x}
}

@article{seal2014high,
  title={High-order multiderivative time integrators for hyperbolic
         conservation laws},
  author={Seal, David C and G{\"u}{\c{c}}l{\"u}, Yaman and Christlieb, Andrew J},
  journal={Journal of Scientific Computing},
  volume={60},
  pages={101--140},
  year={2014},
  publisher={Springer},
  doi={10.1007/s10915-013-9787-8}
}

@article{tsai2014two,
  title={Two-derivative {R}unge-{K}utta methods for {PDEs} using a novel
         discretization approach},
  author={Tsai, Angela YJ and Chan, Robert PK and Wang, Shixiao},
  journal={Numerical Algorithms},
  volume={65},
  pages={687--703},
  year={2014},
  publisher={Springer},
  doi={10.1007/s11075-014-9823-2}
}

@article{gottlieb2022high,
  title={High Order Strong Stability Preserving Multiderivative Implicit
         and {IMEX} {R}unge-{K}utta Methods with Asymptotic Preserving
         Properties},
  author={Gottlieb, Sigal and Grant, Zachary J and Hu, Jingwei and
          Shu, Ruiwen},
  journal={SIAM Journal on Numerical Analysis},
  volume={60},
  number={1},
  pages={423--449},
  year={2022},
  publisher={SIAM},
  doi={10.1137/21M1403175}
}



%%%%%%%%%%%%%%%%%%%%%%%%%%%%%%%%%%%%%%%%%%%%%%%%%%%%%%%%%%%%%%%%%%%%%%%%%%%%%%%
% Lax-Wendroff type methods
@article{lax1960systems,
  title={Systems of conservation laws},
  author={Lax, Peter and Wendroff, Burton},
  journal={Communications on Pure and Applied Mathematics},
  volume={13},
  number={2},
  pages={217--237},
  year={1960},
  publisher={Wiley Online Library},
  doi={10.1002/cpa.3160130205}
}

@article{babbar2022lax,
  title={Lax-Wendroff flux reconstruction method for hyperbolic conservation laws},
  author={Babbar, Arpit and Kenettinkara, Sudarshan Kumar and
          Chandrashekar, Praveen},
  journal={Journal of Computational Physics},
  volume={467},
  number={111423},
  year={2022},
  publisher={Elsevier},
  doi={10.1016/j.jcp.2022.111423},
  eprint={2207.02954},
  eprinttype={arxiv},
  eprintclass={math.NA}
}



%%%%%%%%%%%%%%%%%%%%%%%%%%%%%%%%%%%%%%%%%%%%%%%%%%%%%%%%%%%%%%%%%%%%%%%%%%%%%%%
% Dispersive wave equations

@article{benjamin1972model,
  title={Model equations for long waves in nonlinear dispersive
         systems},
  author={Benjamin, Thomas Brooke and Bona, Jerry Lloyd and
          Mahony, John Joseph},
  journal={Philosophical Transactions of the Royal Society of London.
           Series A, Mathematical and Physical Sciences},
  volume={272},
  number={1220},
  pages={47--78},
  year={1972},
  publisher={The Royal Society London},
  doi={10.1098/rsta.1972.0032}
}

@article{frutos1997accuracy,
  title={Accuracy and conservation properties in numerical integration:
         the case of the {K}orteweg-de {V}ries equation},
  author={De Frutos, J and Sanz-Serna, Jesus Maria},
  journal={Numerische Mathematik},
  volume={75},
  number={4},
  pages={421--445},
  year={1997},
  publisher={Springer},
  doi={10.1007/s002110050247}
}

@article{duran2000numerical,
  title={The numerical integration of relative equilibrium solutions.
         {T}he nonlinear {S}chr{\"o}dinger equation},
  author={Dur{\'a}n, Angel and Sanz-Serna, Jesus Maria},
  journal={IMA Journal of Numerical Analysis},
  volume={20},
  number={2},
  pages={235--261},
  year={2000},
  publisher={Oxford University Press},
  doi={10.1093/imanum/20.2.235}
}

@article{araujo2001error,
  title={Error propagation in the numerical integration of solitary waves.
         {T}he regularized long wave equation},
  author={Ara{\'u}jo, A and Dur{\'a}n, Angel},
  journal={Applied Numerical Mathematics},
  volume={36},
  number={2-3},
  pages={197--217},
  year={2001},
  publisher={Elsevier},
  doi={10.1016/S0168-9274(99)00148-8}
}

@article{ranocha2021broad,
  title={A Broad Class of Conservative Numerical Methods for Dispersive
         Wave Equations},
  author={Ranocha, Hendrik and Mitsotakis, Dimitrios and Ketcheson, David I},
  journal={Communications in Computational Physics},
  year={2021},
  month={02},
  volume={29},
  number={4},
  pages={979--1029},
  publisher={Global Science Press},
  doi={10.4208/cicp.OA-2020-0119},
  eprint={2006.14802},
  eprinttype={arxiv},
  eprintclass={math.NA}
}

@article{mitsotakis2021conservative,
  title={A conservative fully-discrete numerical method for the regularized
         shallow water wave equations},
  author={Mitsotakis, Dimitrios and Ranocha, Hendrik and Ketcheson, David I and
          S{\"u}li, Endre},
  journal={SIAM Journal on Scientific Computing},
  year={2021},
  month={04},
  volume={42},
  issue={2},
  doi={10.1137/20M1364606},
  eprint={2009.09641},
  eprinttype={arxiv},
  eprintclass={math.NA}
}

@article{ranocha2021rate,
  title={On the Rate of Error Growth in Time for Numerical Solutions of
         Nonlinear Dispersive Wave Equations},
  author={Ranocha, Hendrik and Quezada de Luna, Manuel and Ketcheson, David I},
  journal={Partial Differential Equations and Applications},
  year={2021},
  month={10},
  doi={10.1007/s42985-021-00126-3},
  volume={2},
  number={6},
  pages={76},
  eprint={2102.07376},
  eprinttype={arxiv},
  eprintclass={math.NA}
}



%%%%%%%%%%%%%%%%%%%%%%%%%%%%%%%%%%%%%%%%%%%%%%%%%%%%%%%%%%%%%%%%%%%%%%%%%%%%%%%
% Error growth in time for ODEs

@article{cano1997error,
  title={Error growth in the numerical integration of periodic orbits,
         with application to {H}amiltonian and reversible systems},
  author={Cano, B and Sanz-Serna, Jesus Maria},
  journal={SIAM Journal on Numerical Analysis},
  volume={34},
  number={4},
  pages={1391--1417},
  year={1997},
  publisher={SIAM},
  doi={10.1137/S0036142995281152}
}

@article{duran1998numerical,
  title={The numerical integration of relative equilibrium solutions.
         {G}eometric theory},
  author={Dur{\'a}n, Angel and Sanz-Serna, Jesus Maria},
  journal={Nonlinearity},
  volume={11},
  number={6},
  year={1998},
  publisher={IOP Publishing},
  doi={10.1088/0951-7715/11/6/008}
}

@article{calvo2011error,
  title={Error growth in the numerical integration of periodic orbits},
  author={Calvo, Manuel and Laburta, MP and Montijano, Juan I and
          R{\'a}ndez, Luis},
  journal={Mathematics and Computers in Simulation},
  volume={81},
  number={12},
  pages={2646--2661},
  year={2011},
  publisher={Elsevier},
  doi={10.1016/j.matcom.2011.05.007}
}

@article {AAF2020,
    AUTHOR = {A. Moradi and A. Abdi and J. Farzi},
     TITLE = {Strong stability preserving second derivative general linear
              methods with {R}unge-{K}utta stability},
   JOURNAL = {Journal of Scientific Computing},
    VOLUME = {85},
      YEAR = {2020},
    NUMBER = {1},
     PAGES = {Paper No. 1, 39},
      ISSN = {0885-7474},
   MRCLASS = {65L06 (65L20 65M20)},
  MRNUMBER = {4152299},
MRREVIEWER = {Fathalla A. Rihan},
       DOI = {10.1007/s10915-020-01306-w},
       URL = {https://doi.org/10.1007/s10915-020-01306-w}
}



%%%%%%%%%%%%%%%%%%%%%%%%%%%%%%%%%%%%%%%%%%%%%%%%%%%%%%%%%%%%%%%%%%%%%%%%%%%%%%%
% Entropy-conservative and -dissipative methods

@article{tadmor2003entropy,
  title={Entropy stability theory for difference approximations of nonlinear
         conservation laws and related time-dependent problems},
  author={Tadmor, Eitan},
  journal={Acta Numerica},
  volume={12},
  pages={451--512},
  year={2003},
  publisher={Cambridge University Press},
  doi={10.1017/S0962492902000156}
}

@article{fisher2013high,
  title={High-order entropy stable finite difference schemes for nonlinear
         conservation laws: {F}inite domains},
  author={Fisher, Travis C and Carpenter, Mark H},
  journal={Journal of Computational Physics},
  volume={252},
  pages={518--557},
  year={2013},
  publisher={Elsevier},
  doi={10.1016/j.jcp.2013.06.014}
}

@article{ranocha2018comparison,
  title={Comparison of Some Entropy Conservative Numerical Fluxes for the
         {E}uler Equations},
  author={Ranocha, Hendrik},
  journal={Journal of Scientific Computing},
  volume={76},
  number={1},
  pages={216--242},
  year={2018},
  month={07},
  publisher={Springer},
  doi={10.1007/s10915-017-0618-1},
  eprint={1701.02264},
  eprinttype={arxiv},
  eprintclass={math.NA}
}

@inproceedings{ranocha2020entropy,
  title={Entropy Conserving and Kinetic Energy Preserving Numerical Methods for
         the {E}uler Equations Using Summation-by-Parts Operators},
  author={Ranocha, Hendrik},
  pages={525--535},
  year={2020},
  month={08},
  booktitle={Spectral and High Order Methods for Partial Differential Equations
             {ICOSAHOM} 2018},
  editor={Sherwin, Spencer J and Moxey, David and Peir{\'o}, Joaquim and
          Vincent, Peter E and Schwab, Christoph},
  series={Lecture Notes in Computational Science and Engineering},
  volume={134},
  publisher={Springer},
  address={Cham},
  doi={10.1007/978-3-030-39647-3_42}
}

@article{ranocha2021preventing,
  title={Preventing pressure oscillations does not fix local linear stability
         issues of entropy-based split-form high-order schemes},
  author={Ranocha, Hendrik and Gassner, Gregor J},
  journal={Communications on Applied Mathematics and Computation},
  year={2021},
  month={08},
  doi={10.1007/s42967-021-00148-z},
  eprint={2009.13139},
  eprinttype={arxiv},
  eprintclass={math.NA}
}

@article{ranocha2023efficient,
  title={Efficient implementation of modern entropy stable and kinetic energy
         preserving discontinuous {G}alerkin methods for conservation laws},
  author={Ranocha, Hendrik and Schlottke-Lakemper, Michael and Chan, Jesse and
          Rueda-Ram\'{i}rez, Andr{\'e}s M and Winters, Andrew R and
          Hindenlang, Florian and Gassner, Gregor J},
  journal={ACM Transactions on Mathematical Software},
  year={2023},
  month={09},
  doi={10.1145/3625559},
  eprint={2112.10517},
  eprinttype={arxiv},
  eprintclass={cs.MS}
}

@article{chen2020review,
  title={Review of entropy stable discontinuous {G}alerkin methods for systems
         of conservation laws on unstructured simplex meshes},
  author={Chen, Tianheng and Shu, Chi-Wang},
  journal={CSIAM Transactions on Applied Mathematics},
  volume={1},
  number={1},
  pages={1--52},
  year={2020},
  publisher={Global Science Press},
  doi={10.4208/csiam-am.2020-0003}
}

@article{gassner2016split,
  title={Split Form Nodal Discontinuous {G}alerkin Schemes with
         Summation-By-Parts Property for the Compressible {E}uler
         Equations},
  author={Gassner, Gregor Josef and Winters, Andrew Ross and
          Kopriva, David A},
  journal={Journal of Computational Physics},
  volume={327},
  pages={39--66},
  year={2016},
  publisher={Elsevier},
  doi={10.1016/j.jcp.2016.09.013}
}

@article{rojas2021robustness,
  title={On the robustness and performance of entropy stable discontinuous
         collocation methods},
  author={Rojas, Diego and Boukharfane, Radouan and Dalcin, Lisandro and
          Fern{\'a}ndez, David C Del Rey and Ranocha, Hendrik and
          Keyes, David E and Parsani, Matteo},
  journal={Journal of Computational Physics},
  volume={426},
  pages={109891},
  year={2021},
  month={2},
  publisher={Elsevier},
  doi={10.1016/j.jcp.2020.109891},
  eprint={1911.10966},
  eprinttype={arxiv},
  eprintclass={math.NA}
}

@article{chan2022entropy,
  title={On the entropy projection and the robustness of high order entropy
         stable discontinuous {G}alerkin schemes for under-resolved flows},
  author={Chan, Jesse and Ranocha, Hendrik and Rueda-Ram\'{i}rez, Andr{\'e}s M
          and Gassner, Gregor J and Warburton, Tim},
  journal={Frontiers in Physics},
  year={2022},
  month={07},
  doi={10.3389/fphy.2022.898028},
  volume={10},
  eprint={2203.10238},
  eprinttype={arxiv},
  eprintclass={math.NA}
}

@article{abgrall2022reinterpretation,
  title={Reinterpretation and Extension of Entropy Correction Terms for Residual
         Distribution and Discontinuous Galerkin Schemes: Application to
         Structure Preserving Discretization},
  author={Abgrall, R{\'e}mi and {\"O}ffner, Philipp and Ranocha, Hendrik},
  journal={Journal of Computational Physics},
  year={2022},
  month={03},
  doi={10.1016/j.jcp.2022.110955},
  volume={453},
  pages={110955},
  publisher={Elsevier},
  eprint={1908.04556},
  eprinttype={arxiv},
  eprintclass={math.NA}
}



%%%%%%%%%%%%%%%%%%%%%%%%%%%%%%%%%%%%%%%%%%%%%%%%%%%%%%%%%%%%%%%%%%%%%%%%%%%%%%%
% Software

@manual{matlabR2022b,
  title={MATLAB},
  author={MathWorks},
  version={R2022b},
  year={2022},
  url={https:/mathworks.com/products/matlab.html}
}

@article{frigo2005design,
  title={The design and implementation of {FFTW3}},
  author={Frigo, Matteo and Johnson, Steven G},
  journal={Proceedings of the IEEE},
  volume={93},
  number={2},
  pages={216--231},
  year={2005},
  publisher={IEEE},
  doi={10.1109/JPROC.2004.840301}
}

@article{bezanson2017julia,
  title={Julia: {A} Fresh Approach to Numerical Computing},
  author={Bezanson, Jeff and Edelman, Alan and Karpinski, Stefan and
          Shah, Viral B},
  journal={SIAM Review},
  volume={59},
  number={1},
  pages={65--98},
  year={2017},
  publisher={SIAM},
  eprint={1411.1607},
  eprinttype={arxiv},
  eprintclass={cs.MS},
  doi={10.1137/141000671}
}

@online{revels2016forward,
  title={Forward-Mode Automatic Differentiation in {J}ulia},
  author={{Revels}, J. and {Lubin}, M. and {Papamarkou}, T.},
  year={2016},
  month={07},
  eprint={1607.07892},
  eprinttype={arxiv},
  eprintclass={cs.MS},
  doi={10.48550/arXiv.1607.07892}
}

@article{ranocha2021sbp,
  title={{SummationByPartsOperators.jl}: {A} {J}ulia library of provably stable
         semidiscretization techniques with mimetic properties},
  author={Ranocha, Hendrik},
  journal={Journal of Open Source Software},
  year={2021},
  month={08},
  doi={10.21105/joss.03454},
  volume={6},
  number={64},
  pages={3454},
  publisher={The Open Journal},
  url={https://github.com/ranocha/SummationByPartsOperators.jl}
}

@article{ranocha2022adaptive,
  title={Adaptive numerical simulations with {T}rixi.jl:
         {A} case study of {J}ulia for scientific computing},
  author={Ranocha, Hendrik and Schlottke-Lakemper, Michael and
          Winters, Andrew Ross and Faulhaber, Erik and Chan, Jesse and
          Gassner, Gregor J},
  journal={Proceedings of the JuliaCon Conferences},
  volume={1},
  number={1},
  pages={77},
  year={2022},
  month={01},
  publisher={The Open Journal},
  doi={10.21105/jcon.00077},
  eprint={2108.06476},
  eprinttype={arXiv},
  eprintclass={cs.MS}
}

@article{schlottkelakemper2021purely,
  title={A purely hyperbolic discontinuous {G}alerkin approach for
         self-gravitating gas dynamics},
  author={Schlottke-Lakemper, Michael and Winters, Andrew R and
          Ranocha, Hendrik and Gassner, Gregor J},
  journal={Journal of Computational Physics},
  pages={110467},
  year={2021},
  month={06},
  volume={442},
  publisher={Elsevier},
  doi={10.1016/j.jcp.2021.110467},
  eprint={2008.10593},
  eprinttype={arxiv},
  eprintclass={math.NA}
}

@Book{QuarteroniNumA,
  Title                    = {Numerical Mathematics},
  Author                   = {A. Quarteroni and R. Sacco and F. Saleri},
  Publisher                = {Springer},
  Year                     = {2007},
  Edition                  = {Second Edition},
  doi={10.1007/b98885}
}



%%%%%%%%%%%%%%%%%%%%%%%%%%%%%%%%%%%%%%%%%%%%%%%%%%%%%%%%%%%%%%%%%%%%%%%%%%%%%%%
% General time integration methods

@article{kutta1901beitrag,
  title={Beitrag zur n{\"a}herungsweisen {I}ntegration totaler
         {D}ifferentialgleichungen},
  author={Kutta, Wilhelm},
  journal={Zeitschrift f{\"u}r Mathematik und Physik},
  volume={46},
  pages={435--453},
  year={1901}
}

@book{hairer2008solving,
  title={Solving Ordinary Differential Equations {I}: {N}onstiff
         Problems},
  author={Hairer, Ernst and N{\o}rsett, Syvert Paul and
          Wanner, Gerhard},
  series={Springer Series in Computational Mathematics},
  volume={8},
  year={2008},
  publisher={Springer-Verlag},
  address={Berlin Heidelberg},
  doi={10.1007/978-3-540-78862-1}
}

@book{hairer2010solving,
  title={Solving Ordinary Differential Equations {II}: {S}tiff and
         Differential-Algebraic Problems},
  author={Hairer, Ernst and Wanner, Gerhard},
  series={Springer Series in Computational Mathematics},
  volume={14},
  year={2010},
  publisher={Springer-Verlag},
  address={Berlin Heidelberg},
  doi={10.1007/978-3-642-05221-7}
}

@book{hairer2006geometric,
  title={Geometric Numerical Integration: {S}tructure-Preserving
         Algorithms for Ordinary Differential Equations},
  author={Hairer, Ernst and Lubich, Christian and Wanner, Gerhard},
  series={Springer Series in Computational Mathematics},
  volume={31},
  year={2006},
  publisher={Springer-Verlag},
  address={Berlin Heidelberg},
  doi={10.1007/3-540-30666-8}
}

@book{gottlieb2011strong,
  title={Strong stability preserving {R}unge-{K}utta and multistep time
         discretizations},
  author={Gottlieb, Sigal and Ketcheson, David I and Shu, Chi-Wang},
  year={2011},
  publisher={World Scientific},
  address={Singapore}
}

@article{ranocha2021strong,
  title={On Strong Stability of Explicit {R}unge-{K}utta Methods for
         Nonlinear Semibounded Operators},
  author={Ranocha, Hendrik},
  journal={IMA Journal of Numerical Analysis},
  year={2021},
  month={01},
  volume={41},
  number={1},
  pages={654--682},
  publisher={Oxford University Press},
  doi={10.1093/imanum/drz070},
  eprint={1811.11601},
  eprinttype={arxiv},
  eprintclass={math.NA}
}

@article{ranocha2020energy,
  title={Energy Stability of Explicit {R}unge-{K}utta Methods for
         Nonautonomous or Nonlinear Problems},
  author={Ranocha, Hendrik and Ketcheson, David I},
  journal={SIAM Journal on Numerical Analysis},
  year={2020},
  month={11},
  volume={58},
  number={6},
  pages={3382--3405},
  publisher={Society for Industrial and Applied Mathematics},
  doi={10.1137/19M1290346},
  eprint={1909.13215},
  eprinttype={arxiv},
  eprintclass={math.NA}
}

@article{ketcheson2022computing,
  title={Computing with {B}-series},
  author={Ketcheson, David I and Ranocha, Hendrik},
  journal={ACM Transactions on Mathematical Software},
  year={2022},
  month={12},
  doi={10.1145/3573384},
  eprint={2111.11680},
  eprinttype={arXiv},
  eprintclass={math.NA}
}
@online{ranocha2023stability,
  title={Stability of step size control based on a posteriori error estimates},
  author={Ranocha, Hendrik and Giesselmann, Jan},
  year={2023},
  month={07},
  doi={10.48550/arXiv.2307.12677},
  eprint={2307.12677},
  eprinttype={arxiv},
  eprintclass={math.NA}
}

@Article{HaWa73,
  Title                    = {Multistep-multistage-multiderivative methods for ordinary
 differential equations},
  Author                   = {Hairer, E. and Wanner, G.},
  Journal                  = {Computing (Arch. Elektron. Rechnen)},
  Year                     = {1973},
  Number                   = {3},
  Pages                    = {287--303},
  Volume                   = {11},

  Mrclass                  = {65L05},
  Mrnumber                 = {0378422 (51 \#14590)},
  Mrreviewer               = {C. W. Gear},
  doi={10.1007/BF02252917}
}



@article{Turan1950,
  title={On the theory of the mechanical quadrature},
  author={Tur{\'a}n, P},
  journal={Acta Universitatis Szegediensis Acta Scientiarum Mathematicarum},
  volume={12},
  pages={30--37},
  year={1950}
}

@article {TurTur2017,
    AUTHOR = {\"{O}kten Turac{i}, Mukaddes and \"{O}zi\c{s}, Turgut},
     TITLE = {Derivation of three-derivative {R}unge-{K}utta methods},
  JOURNAL = {Numerical Algorithms},
    VOLUME = {74},
      YEAR = {2017},
    NUMBER = {1},
     PAGES = {247--265},
     doi={10.1007/s11075-016-0147-2}
}

@misc{ranocha2023multiderivative,
      title={Multiderivative time integration methods preserving nonlinear functionals via relaxation},
      author={Hendrik Ranocha and Jochen Schütz},
      year={2023},
      eprint={2311.03883},
      archivePrefix={arXiv},
      primaryClass={math.NA}
}
